@article{szeliski2010high,
  title={High-quality multi-pass image resampling},
  author={Szeliski, Richard and Winder, Simon and Uyttendaele, Matt},
  journal={Microsoft Research, Redmond, WA, Tech. Rep. MSR-TR-2010-10},
  year={2010}
}
@inproceedings{williams1983pyramidal,
  title={Pyramidal parametrics},
  author={Williams, Lance},
  booktitle={ACM Siggraph Computer Graphics},
  volume={17},
  number={3},
  pages={1--11},
  year={1983},
  organization={ACM}
}
@article{morel2011sift,
  title={Is SIFT scale invariant?},
  author={Morel, J and Yu, Guoshen},
  journal={Inverse Problems and Imaging},
  volume={5},
  number={1},
  pages={115--136},
  year={2011}
}
@book{akenine2008real,
  title={Real-time rendering},
  author={Akenine-M{\"o}ller, Tomas and Haines, Eric and Hoffman, Naty},
  year={2008},
  publisher={CRC Press}
}
@techreport{heckbert1983texture,
  title={Texture mapping polygons in perspective},
  author={Heckbert, Paul S and others},
  year={1983},
  institution={Citeseer}
}
@misc{abdi2007singular,
  title={Singular Value Decomposition (SVD) and Generalized Singular Value Decomposition},
  author={Abdi, Herv{\'e}},
  journal={Encyclopedia of measurement and statistics},
  pages={907--912},
  year={2007},
  publisher={SAGE Publications, Thousand Oaks (CA)}
}
@book{wolberg1990digital,
  title={Digital image warping},
  author={Wolberg, George},
  volume={10662},
  year={1990},
  publisher={IEEE computer society press Los Alamitos}
}
@article{unser1995convolution,
  title={Convolution-based interpolation for fast, high-quality rotation of images},
  author={Unser, Michael and Thevenaz, Philippe and Yaroslavsky, Leonid},
  journal={Image Processing, IEEE Transactions on},
  volume={4},
  number={10},
  pages={1371--1381},
  year={1995},
  publisher={IEEE}
}
@article{morel2009asift,
  title={ASIFT: A new framework for fully affine invariant image comparison},
  author={Morel, Jean-Michel and Yu, Guoshen},
  journal={SIAM Journal on Imaging Sciences},
  volume={2},
  number={2},
  pages={438--469},
  year={2009},
  publisher={Citeseer}
}
@article{brown2007automatic,
  title={Automatic panoramic image stitching using invariant features},
  author={Brown, Matthew and Lowe, David G},
  journal={International journal of computer vision},
  volume={74},
  number={1},
  pages={59--73},
  year={2007},
  publisher={Springer}
}
@article{schilling1996texram,
  title={Texram: A smart memory for texturing},
  author={Schilling, Andreas and Knittel, G{\"u}nter and Strasser, Wolfgang},
  journal={Computer Graphics and Applications, IEEE},
  volume={16},
  number={3},
  pages={32--41},
  year={1996},
  publisher={IEEE}
}
@inproceedings{barkans1997high,
  title={High quality rendering using the Talisman architecture},
  author={Barkans, Anthony C},
  booktitle={Proceedings of the ACM SIGGRAPH/EUROGRAPHICS workshop on Graphics hardware},
  pages={79--88},
  year={1997},
  organization={ACM}
}
@article{greene1986creating,
  title={Creating raster Omnimax images from multiple perspective views using the elliptical weighted average filter},
  author={Greene, Ned and Heckbert, Paul S},
  journal={Computer Graphics and Applications, IEEE},
  volume={6},
  number={6},
  pages={21--27},
  year={1986},
  publisher={IEEE}
}
@inproceedings{mccormack1999feline,
  title={Feline: fast elliptical lines for anisotropic texture mapping},
  author={McCormack, Joel and Perry, Ronald and Farkas, Keith I and Jouppi, Norman P},
  booktitle={Proceedings of the 26th annual conference on Computer graphics and interactive techniques},
  pages={243--250},
  year={1999},
  organization={ACM Press/Addison-Wesley Publishing Co.}
}
@inproceedings{huttner1999fast,
  title={Fast footprint mipmapping},
  author={H{\"u}ttner, Tobias and Stra{\ss}er, Wolfgang},
  booktitle={Proceedings of the ACM SIGGRAPH/EUROGRAPHICS workshop on Graphics hardware},
  pages={35--44},
  year={1999},
  organization={ACM}
}
@article{wells1986efficient,
  title={Efficient synthesis of Gaussian filters by cascaded uniform filters},
  author={Wells III, William M},
  journal={Pattern Analysis and Machine Intelligence, IEEE Transactions on},
  number={2},
  pages={234--239},
  year={1986},
  publisher={IEEE}
}
